@misc{dbscan,
    author       = "Ester, M. and Kriegal, H.-P. and Sander, J. and Xu, X. and
        Simoudis, E. and Han, J. and Fayyad, U.M.",
    year         = "1996",
    title        = "A Density-based Algorithm for Discovering Clusters in Large
        Spatial Databases with Noise",
    howpublished = "Proceedings of the Second International Conference on
        Knowledge Discovery and Data Mining"
}

@misc{cordes_mclaughlin03,
    author       = "Cordes, J.M. and McLaughlin, M.A.",
    year         = "2003",
    title        = "Searches for Fast Radio Transients",
    howpublished = "ApJ",
    note         = "596, 1142"
}
